@article{carrillo2019breathing,
  title={The breathing of the Andean highlands: Net ecosystem exchange and evapotranspiration over the p{\'a}ramo of southern Ecuador},
  author={Carrillo-Rojas, Galo and Silva, Brenner and Rollenbeck, R{\"u}tger and C{\'e}lleri, Rolando and Bendix, J{\"o}rg},
  journal={Agricultural and forest meteorology},
  volume={265},
  pages={30--47},
  year={2019},
  publisher={Elsevier}
}